@book{diniz2006tecnologia,
  title={Tecnologia da usinagem dos materiais},
  author={Diniz, A.E. and Marcondes, F.C. and Coppini, N.L.},
  isbn={9788587296016},
  year={2006},
  publisher={Artliber Editora}
}

@phdthesis{correia_2006,
author={Correia, Magno Batista},
type={Trabalho de Graduação em Engenharia Mecatrônica},
title={Desenvolvimento de um torno CNC didático},
school={Universidade de Brasília (UnB)},
year={2006}
}

@phdthesis{filipecaixeta_2016,
author={Caixeta, Filipe Alves},
type={Trabalho de Graduação em Engenharia Mecatrônica},
title={Sistema Web para Simulação de Código CNC},
school={Universidade de Brasília (UnB)},
year={2016}
}

@misc{linuxcnc_2016,
url={http://linuxcnc.org/docs/2.7/html/getting-started/about-linuxcnc.html},
urldate={2016-12-4},
journal={LINUXCNC/DOCS},
year={2016}
}

@masterthesis{mgutierrez_2013,
author={ Gutierrez Paredes,Miguel Eduardo},
type={DISSERTAÇÃO DE MESTRADO EM SISTEMAS MECATRÔNICOS},
title={DESENVOLVIMENTO DE UMA FRESADORA CNC ADERENTE À NORMA STEP-NC BASEADO NO CONTROLADOR DE MÁQUINA AVANÇADO (EMC2)},
school={Universidade de Brasília (UnB)},
year={2013}
}